<?xml version="1.0" encoding="UTF-8"?><collection xmlns="http://www.loc.gov/MARC21/slim"><record><leader>00490nam--2200169-i-4500</leader><controlfield tag="001">000027800</controlfield><controlfield tag="002">20161230</controlfield><controlfield tag="005">20161230201037</controlfield><controlfield tag="008">060222s1000------------r-----000-0-eng-d</controlfield><datafield ind1=" " ind2=" " tag="040"><subfield code="a">IFIN-HH</subfield></datafield><datafield ind1=" " ind2=" " tag="080"><subfield code="a">537.531:535.4</subfield></datafield><datafield ind1="1" ind2=" " tag="100"><subfield code="a">Laue, Max Von</subfield></datafield><datafield ind1="1" ind2="0" tag="245"><subfield code="a">Rontgenstrahl-interferenzen</subfield><subfield code="b">Untermitarbeit von e.h. wagner</subfield><subfield code="c">Max von laue</subfield></datafield><datafield ind1=" " ind2=" " tag="260"><subfield code="a">Frankfurt Am Main</subfield><subfield code="b">Akademische Verlagsgesellschaft</subfield><subfield code="c">1960</subfield></datafield><datafield ind1=" " ind2=" " tag="300"><subfield code="a">X + 476P</subfield></datafield><datafield ind1=" " ind2=" " tag="852"><subfield code="a">16553</subfield><subfield code="c">537.531</subfield></datafield><datafield ind1=" " ind2=" " tag="CAT"><subfield code="a">Sys</subfield><subfield code="c">20110809</subfield><subfield code="h">105657</subfield></datafield></record></collection>